@manual{pymalloc,
    title = {The pymalloc Allocator},
    author = {{Python Software Foundation}},
    year = {2025},
    note = {Accessed: 2025-02-01},
    url = {https://docs.python.org/3/c-api/memory.html#the-pymalloc-allocator},
    organization = {Python Software Foundation}
}

@manual{zswap,
    title = {zswap - Compressed Swap Cache},
    author = {{The Linux Kernel Documentation Project}},
    year = {2024},
    note = {Accessed: 2025-02-01},
    url = {https://www.kernel.org/doc/html/v6.9/admin-guide/mm/zswap.html},
    organization = {The Linux Kernel Documentation Project}
}

@manual{zram,
    title = {zram - Compressed RAM Block Device},
    author = {{The Linux Kernel Documentation Project}},
    year = {2024},
    note = {Accessed: 2025-02-01},
    url = {https://www.kernel.org/doc/html/v6.9/admin-guide/blockdev/zram.html},
    organization = {The Linux Kernel Documentation Project}
}

@manual{numpy,
    title = {NumPy: The Fundamental Package for Scientific Computing with Python},
    author = {{The NumPy Community}},
    year = {2024},
    note = {Accessed: 2025-02-01},
    url = {https://numpy.org/},
    organization = {NumPy Developers}
}

@manual{pandas,
    title = {pandas: Python Data Analysis Library},
    author = {{The pandas Development Team}},
    year = {2024},
    note = {Accessed: 2025-02-01},
    url = {https://pandas.pydata.org/},
    organization = {pandas Development Team}
}

@manual{tensorflow,
    title = {TensorFlow: An End-to-End Open Source Machine Learning Platform},
    author = {{The TensorFlow Authors}},
    year = {2024},
    note = {Accessed: 2025-02-01},
    url = {https://www.tensorflow.org/},
    organization = {TensorFlow Developers}
}

@manual{jupyter,
    title = {Project Jupyter},
    author = {{Project Jupyter Community}},
    year = {2024},
    note = {Accessed: 2025-02-02},
    url = {https://jupyter.org/},
    organization = {Project Jupyter}
}

@manual{psutil,
    title = {psutil: Cross-platform Process and System Utilities},
    author = {{Giampaolo Rodol√† and Contributors}},
    year = {2024},
    note = {Accessed: 2025-02-02},
    url = {https://psutil.readthedocs.io/en/latest/},
    organization = {psutil Project}
}

@manual{importlib_resources,
    title = {importlib.resources - Resource Access Using importlib},
    author = {{Python Software Foundation}},
    year = {2024},
    note = {Accessed: 2025-02-02},
    url = {https://docs.python.org/3/library/importlib.resources.html},
    organization = {Python Software Foundation}
}

@manual{tracemalloc,
    title = {tracemalloc - Trace Memory Allocations in Python},
    author = {{Python Software Foundation}},
    year = {2024},
    note = {Accessed: 2025-02-02},
    url = {https://docs.python.org/3/library/tracemalloc.html},
    organization = {Python Software Foundation}
}

@manual{procfs,
    title = {/proc Filesystem - Linux Kernel Documentation},
    author = {{The Linux Kernel Documentation Project}},
    year = {2024},
    note = {Accessed: 2025-02-02},
    url = {https://docs.kernel.org/filesystems/proc.html},
    organization = {The Linux Kernel Documentation Project}
}

@manual{docker,
    title = {Docker: Empowering App Development for Developers and Teams},
    author = {{Docker, Inc.}},
    year = {2024},
    note = {Accessed: 2025-02-03},
    url = {https://www.docker.com/},
    organization = {Docker, Inc.}
}